<?xml version="1.0" encoding="UTF-8"?><collection xmlns="http://www.loc.gov/MARC21/slim"><record><leader>00626nam--2200181-i-4500</leader><controlfield tag="001">000011604</controlfield><controlfield tag="002">20161230</controlfield><controlfield tag="005">20161230201029</controlfield><controlfield tag="008">060222s1000------------r-----000-0-eng-d</controlfield><datafield ind1=" " ind2=" " tag="041"><subfield code="a">IFIN-HH</subfield></datafield><datafield ind1=" " ind2=" " tag="080"><subfield code="a">535.375.5(061.3)</subfield></datafield><datafield ind1="1" ind2=" " tag="100"><subfield code="a">Mathieu, J.P</subfield></datafield><datafield ind1="1" ind2="0" tag="245"><subfield code="a">Advances in raman spectroscopy</subfield><subfield code="b">Volume 1. proceedings of the third international conference on raman spectroscopy university university of reims, france, september 1972</subfield><subfield code="c">J.P. MATHIEU (Ed.)</subfield></datafield><datafield ind1=" " ind2=" " tag="260"><subfield code="a">London</subfield><subfield code="b">Heyden &amp; Sonltd</subfield><subfield code="c">1973</subfield></datafield><datafield ind1=" " ind2=" " tag="300"><subfield code="a">XII+639P</subfield></datafield><datafield ind1=" " ind2=" " tag="490"><subfield code="a">Advances In Raman Spectroscopy</subfield></datafield><datafield ind1=" " ind2=" " tag="852"><subfield code="a">42994</subfield><subfield code="c">535.33</subfield></datafield><datafield ind1=" " ind2=" " tag="CAT"><subfield code="a">Sys</subfield><subfield code="c">20101207</subfield><subfield code="h">104112</subfield></datafield></record></collection>